@article{abouelhoda,
title = "Replacing suffix trees with enhanced suffix arrays",
journal = "Journal of Discrete Algorithms",
volume = "2",
number = "1",
pages = "53 - 86",
year = "2004",
issn = "1570-8667",
doi = "10.1016/S1570-8667(03)00065-0",
url = "http://www.sciencedirect.com/science/article/pii/S1570866703000650",
author = "Mohamed Ibrahim Abouelhoda and Stefan Kurtz and Enno Ohlebusch",
}

@inproceedings{babenko,
 title={Computing Longest Common Substrings
            Via Suffix Arrays},
 author={   Maxim Babenko and Tatiana  Starikovskaya},
 booktitle={CSR 2008, LNCS 5010},
 year={2008},
 editors={E.A. Hirsch et al. (Eds.)},
 pages={64â€“75},
 publisher={Springer-Verlag Berlin},
 address={Heidelberg}
}


@misc{findmaxr,
author={Ver\'onica Becher and Alejandro Deymonnaz and Pablo Heiber},
title={Efficient repeat finding via suffix arrays},
howpublished={manuscript,  arXiv:1304.0528},
pages={},
year={2012}
}


@article{bdh,
    author = {Becher, Ver\'{o}nica and Deymonnaz, Alejandro and Heiber, Pablo},
    doi = {10.1093/bioinformatics/btp321},
    journal = {Bioinformatics (Oxford, England)},
    keywords = {acid, algorithmsgenome, humangenomicsgenomics, methodshumansrepetitive, nucleic, repeats, sequences},
    month = jul,
    number = {14},
    posted-at = {2012-09-11 19:31:28},
    priority = {2},
    title = {{Efficient computation of all perfect repeats in genomic sequences of up to half a gigabyte, with a case study on the human genome.}},
    url = {http://bioinformatics.oxfordjournals.org/cgi/content/abstract/25/14/1746},
    volume = {25},
    year = {2009}
}





@article{bingchaohuang,
author={Bing Chao Huang},
title={An algorithm for inverting a permutation},
journal={Information Processing letters},
volume={12},
number={5},
pages={ 237--238},
year={1981}
}


@book{knuth,
    author={Knuth, Donald E.},
    publisher = {{Addison-Wesley Professional}},
    title = {Art of Computer Programming, Volume 1: Fundamental Algorithms (3rd Edition)},
    year = {1997}
}




@inproceedings{sedgewick,
author={Bentley, J. and Sedgewick, R.}, 
title={Fast Algorithms for Sorting and Searching Strings},
booktitle={Proc. 8th {A}nnual {ACM}-{SIAM} {S}ymposium on
{D}iscrete {A}lgorithms}, 
pages={360-369}, 
year={1997}
}



@article{for,
author={Lefebvre, A. and  Lecroq, T. and
         Dauchel, H.  and Alexandre, J.},
title={{FORR}epeats: detects repeats on entire chromosomes and between genomes},
journal={Bioinformatics},
volume={19},
number={3}, 
pages={319--326}, 
year={2003}
}



@article{troll,
author={Castelo, Adalberto and Martins, Wellington and Gao, Guang},
title={TROLL-{T}andem {R}epeat {O}ccurrence {L}ocator},
journal={Bioinformatics},
volume={18},
number={4},
year={2002},
pages={634--636},
}


@misc{sputnik,
author={Abajian, C.},
title={Sputnik},
note={http://espressosoftware.com/pages/sputnik.jsp},
year={1994}
}



@article{ultraconserved,
author={Bejerano, G. and Pheasant, M. and  Makunin, I. and  Stephen, S. and  
Kent, W.J. and Mattick, J.S. and Haussler, D.},
title={Ultraconserved Elements in the Human Genome},
journal={Science},
year={2004}, 
volume={304},
number={5675},
pages={1321-1325}
} 






@misc{ucbase,
author={Taccioli, C. and  Fabbri and Visone, R. and 
Volinia, S and  Calin, G.A. and Fong, L.Y.
and Gambari, R. and  Bottoni, A. 
and Acunzo, M. and  Hagan, J.
and   Iorio, M.V. and Piovan, C. and
 Romano, G. and  Croce, C.M.},
journal={Nucleic Acids Res},
year={2009},
volume={37 (Database issue):D41-8. Epub 2008 Oct 22, PMID: 18945703},
title={UCbase \& mi{R}func: a database of ultraconserved sequences and micro{RNA}
function},
note={http://microrna.osu.edu/.UCbase4}
}

 

@article{haussler,
author={Sol Katzman and Andrew D. Kern and Gill Bejerano and Ginger Fewell and  Lucinda Fulton and
Richard K. Wilson and Sofie R. Salama and  David Haussler},
title={Human Genome Ultraconserved Elements Are Ultraselected},
journal={Science}, 
volume={317},
number={5840},
pages={915},
year={2007}
} 




@article{ultrachiang,
author={Chiang, C.W. and  Derti, A. and  Schwartz, D. and Chou M.F. 
         and Hirschhorn, J.N. and  Wu C.T.},
title={Ultraconserved elements: analyses of dosage sensitivity, 
       motifs and boundaries},
journal={Genetics},
year={2008},
volume={180},
number={4},
pages={2277-2293}
}

@article{christley,
title={Multiple organism algorithm for finding ultraconserved elements},
author={Christley, S. and Lobo, N. and and Madey, G.},
journal={BMC Bioinformatics},
year={2008}, 
pages={9--15}
}


@misc{ensemble,
author={Ensembl},
title={Ensembl},
journal={Nucleic Acids Research, Database issue D690-D697},
year={2009},
volume={37}, 
note={http://nar.oxfordjournals.org/cgi/content/abstract/gkn828}
}

@misc{repeatmasker,
title={RepeatMasker, Open-3.0. 1996-2004},
author={Smit, A. F.A. and  Hubley, R. and Green, P.},
year={2009},
note={http://repeatmasker.org}
}

@article{trf,
title={Tandem {R}epeats {F}inder: a program to analyze {DNA} sequences},
author={G. Benson},
journal= {Nucleic Acids Research}, 
volume={27},
number={2},
pages={573--580},
year={1999}
}


@article{blast,
title={{BLAST}. {B}asic {L}ocal {A}lignment {S}earch {T}ool},
author={Altschul, S.F. and  Gish, W. and Miller, W. and  Myers, E.W and Lipman, D.J.},
journal={J. Mol. Biol.},
volume={215}, 
pages={403-410},
year={1990}  
}




@article{repbase,
author ={Jurka    and  Kapitonov   and  
         Pavlicek and Klonowski and  
         Kohany   and Walichiewicz},
title  ={Repbase Update, a database of eukaryotic repetitive elements}, 
journal={Cytogentic and Genome Research},
volume ={110},
pages  ={462--467}, 
year   ={2005}
}



@article{catastil,
author = {Catasti, P. and Chen, X. and Mariappan, S.V. and  Bradbury, E.M. and Gupta G.},
title  ={{DNA} repeats in the human genome},
journal={Genetica},
volume ={106}, 
number ={1-2},
pages  ={15--36}, 
year   ={1999},
}




@article{insights,
title={Evolutionary insights from suffix array-based genome sequence analysis},
author={Poddar, A. and Chandra, N. and Ganapathiraju, M. and  Sekar, K. and Klein-Seetharaman, J. and  Reddy, R. and  Balakrishnan, N.},
journal={Journal of {B}iosciences},
year={2007},
volume= {32},
number={5},
pages={871-881}
}




 
@article{volff,
author ={B\"ohne A. and Brunet F. and Galiana-Arnoux D. and  Schultheis C. and Volff J.N.},
title  ={Transposable elements as drivers of genomic and biological diversity in vertebrates},
journal={Chromosome Research}, 
pages  ={203--215},
year   ={2008},
}

@article{goodier,
title  ={Retrotransposons Revisited: The Restraint and Rehabilitation of Parasites},
author ={John L. Goodier  and Haig H. Kazazian},
journal={Cell},
volume ={135}, 
pages  ={23--35}, 
year   ={2008},
}

@article{werren,
title  ={The role of selfish genetic elements in eukariotic evolution},
author ={Hurst, G. D. and Werren J.H.},
journal={Nature Rev Genet}, 
volumen={2},
pages  ={597--606}, 
year   ={August 2001},
}



@article{abinitio,
 author = {Surya Sahal and Susan Bridges and Zenaida V. Magbanua and Daniel G. Peterson},
 title = {Empirical comparison of ab initio repeat finding programs},
 journal = {Nucleic Acids Research},
 volume = {36},
 number = {7},
 year = {2008},
 pages = {2284-2294}
 }

@article{karkk,
 author = {Juha K\"{a}rkk\"{a}inen and Peter Sanders and Stefan Burkhardt},
 title = {Linear work suffix array construction},
 journal = {Journal ACM},
 volume = {53},
 number = {6},
 year = {2006},
 pages = {918--936}
 }

@article{puglisi,
author = {Simon J. Puglisi and W. F. Smyth and Andrew H. Turpin},
title = {A taxonomy of suffix array construction algorithms},
journal = {ACM Computing Surveys},
volume = {39},
number = {2},
year = {2007},
pages = {4}
}

@article{manber93,
 author = {Udi Manber and Gene Myers},
 title = {Suffix arrays: a new method for on-line string searches},
 journal = {SIAM Journal on Computing},
 volume = {22},
 number = {5},
 year = {1993},
 pages = {935--948},
 note= {SODA '90: 
 Proc. 1st Annual ACM-SIAM Symposium on Discrete Algorithms,  
 319--327, San Francisco, 1990}
}

@inproceedings{manber90,
 author = {Udi Manber and Gene Myers},
 title = {Suffix arrays: a new method for on-line string searches},
 booktitle = {SODA '90: Proceedings of the first annual ACM-SIAM symposium on Discrete algorithms},
 year = {1990},
 pages = {319--327},
 location = {San Francisco, California, United States},
 publisher = {Society for Industrial and Applied Mathematics},
 address = {Philadelphia, PA, USA},
 }

@article{reputermanifold,
 author = {Stefan Kurtz  and  J.V. Choudhuri and E. Ohlebusch and C. Schleiermacher and J. Stoye 
 and R. Giegerich}, 
 title = {{REP}uter: the manifold applications of repeat analysis on a genomic scale},
 journal ={Nucleic Acids Research},
 volume = {29},
 number = {22},
 year = {2001},
 pages = {4633-4642},
}

@article{reputer,
  author    = {Stefan Kurtz and
               Chris Schleiermacher},
  title     = {{REP}uter: fast computation of maximal repeats in complete
               genomes},
  journal   = {Bioinformatics},
  volume    = {15},
  number    = {5},
  year      = {1999},
  pages     = {426-427},
}


	
@inproceedings{lee2004,
author={Lee, S. and Park, K.},
year={ 2004},
title={Efficient implementations of suffix array construction algorithms},
booktitle={Proceedings of the 15th {A}ustralasian {W}orkshop on {C}ombinatorial {A}lgorithms}, 
editor={S. Hong},
pages={64--72}
} 

@inproceedings{lcp,
 author = {Toru Kasai and Gunho Lee and Hiroki Arimura and Setsuo Arikawa and Kunsoo Park},
 title = {Linear-Time Longest-Common-Prefix Computation in Suffix Arrays and Its Applications},
 booktitle = {Proc.12th {A}nnual {S}ymposium on {C}ombinatorial {P}attern {M}atching},
 year = {2001},
  pages = {181--192},
 publisher = {Springer-Verlag},
 address = {London, UK},
 }

@book{gusfield,
author = {Dan Gusfield},
publisher = {Cambridge University Press},
title = {{Algorithms on Strings, Trees, and Sequences: Computer Science and Computational Biology}},
year = {1997}
}



@techreport{sadakane99,
 author = {N. Jesper Larsson and Kunihiko Sadakane},
 title = {Faster suffix sorting},
type= "Research Report",
number= "LUNFD6/NFCS-3140", 
institution= "Department of Comuter Science, Lund University",
address="Sweden", 
year= "1999",
}

@article{sadakane,
 author = {N. Jesper Larsson and Kunihiko Sadakane},
 title = {Faster suffix sorting},
 journal = {Theoretical  Computer Science},
 volume = {387},
 number = {3},
 year = {2007},
 pages = {258--272}
}

@inproceedings{sadakane2002,
 author = {T.W. Lam and K. Sadakane and W.K. Sung and S.M. Yiu},
 title = {A space and time efficient algorithm
    for constructing compressed suffix arrays},
 booktitle={Lecture Notes in Computer Science.
            Computing and Combinatorics. 
            8th Annual  International Conference COCOON 2002}, 
 editors={O. Ibarra and L. Zhang, editors},
 volume ={2387}, 
 pages ={401--410},
 publisher={Springer-Verlag. Heidelberg}, 
 year={2002}
}


@article{grossi2005,
 author = {Grossi, Roberto and Vitter, Jeffrey Scott},
 title = {Compressed Suffix Arrays and Suffix Trees with Applications to Text Indexing and String Matching},
 journal = {SIAM Journal on  Computing},
 volume = {35},
 number = {2},
 year = {2005},
 pages = {378--407}
 }



@techreport{bwt94,
author = {Michael Burrows and David J. Wheeler}, 
title= "A block-sorting lossless data compression algorithm", 
type= "Research Report",
number= "124", 
institution= "Digital Systems Research Center",
address="Palo Alto California", 
month= "May",
year= "1994",
}

@ARTICLE{bennett98informationdistance,
    author = {Charles H. Bennett and P\'{e}ter G\'{a}cs and Senior Member and Ming Li and Paul M. B. Vit\'{a}nyi and Wojciech H. Zurek},
    title = "Information Distance",
    journal = "IEEE Transactions on Information Theory",
    year = "1998",
    volume = "44",
    pages = "1407--1423",
}

@ARTICLE{chaitin75,
author = "G. Chaitin",
title = "A theory of program size formally
  identical to information theory",
journal = "J. ACM",
volume = "22",
year = "1975",
pages = "329--340",
note = "Available on Chaitin's home page",
}


@book{livitanyi,
author = {M. Li and P. Vitanyi},
title = "An introduction to Kolmogorov complexity
  and its applications",
publisher = "Springer",
year = "1997 (2d edition)",
}

@ARTICLE{cilibrasi05clusteringby,
    author = {Rudi Cilibrasi and Paul Vitanyi},
    title = "Clustering by compression",
    journal = "IEEE Transactions on Information Theory",
    year = "2005",
    volume = "51",
    pages = "1523--1545",
}



@article{bergman,
author = {Bergman, C.M.  and H. Quesneville},
title=  "Discovering and detecting transposable elements in genome sequences",
journal= "Briefings in Bioinformatics",
volume= "8",
pages= "382-392",
year = "2007",
}

@article{caspi,
author = {Anat Caspi and Lior Pachter},
title=  {Identification of transposable elements using multiple alignments of related genomes},
journal= {Genome Res.},
volume = {16},
pages= {260--270},
year = {2006},
}


@misc{chen02similarity,
  author = {X. Chen and M. Li and X. Li and B. Ma and P. Vitanyi},
  title = "Similarity distance and phylogeny",
  year = "2002",
  url = "citeseer.ist.psu.edu/chen02similarity.html", 
}

@MISC{ma_bioinformaticspatternhunter,
    author = {Bin Ma and John Tromp and Ming Li},
    title = "BIOINFORMATICS PatternHunter: faster and more sensitive homology search",
    year = ""
}



@inproceedings{rivals96,
 author= {Rivals, E.  and Delahaye, J.-P.  and  Dauchet, M.  and  Delgrange, O.},
 title= {A guaranteed compression scheme for repetitive DNA sequences},
 booktitle= {Proceedings of Data Compression Conference DCC '96},
 pages= {453},
 year = {1996},
 publisher = {IEEE Computer Society},
 address = {Washington, DC, USA},
 note = {LIFL Lille I University, technical report IT-285, 11 pages, 1995},
}

 @article{crochemore,
title = {Computing Longest Previous Factor in linear time and applications.},
author = {Maxime Crochemore and Lucian Ilie},
journal = {Information Processing Lettes},
number = {2},
pages = {75-80},
volume = {106},
year = {2008},
} 


@article{lippert,
  author    = {Ross Lippert},
  title     = {Space-Efficient Whole Genome Comparisons with {B}urrows {W}heeler
               Transforms},
  journal   = {Journal of Computational Biology},
  volume    = {12},
  number    = {4},
  year      = {2005},
  pages     = {407-415}
}



@article{sahal,
author= {Surya Sahal and Susan Bridges and Zenaida V. Magbanua and Daniel G. Peterson},
title={Computational Approaches and Tools Used in Identification of Dispersed Repetitive DNA Sequences},
journal= {Journal Tropical Plant Biology},
volume = {1},
number= {1},
year= {2008},
pages= {85-96},
}


@inproceedings{grossi2000,
 author = {Grossi, Roberto and Vitter, Jeffrey Scott},
 title = {Compressed suffix arrays and suffix trees with applications to text indexing and string matching (extended abstract)},
 booktitle = {STOC '00: Proceedings of the thirty-second annual ACM symposium on Theory of computing},
 year = {2000},
 pages = {397--406},
 publisher = {ACM},
 address = {New York, NY, USA},
}
Bueno, le saque esto:
 isbn = {1-58113-184-4},
 location = {Portland, Oregon, United States},
 doi = {http://doi.acm.org/10.1145/335305.335351},

